%%%%%%%%%%%%%%%%%%%%%%%%%%%%%%%%%%%%%%%%%%%%%%%%%%%%%%%%%%%%%%%%
%% 2003
%%%%%%%%%%%%%%%%%%%%%%%%%%%%%%%%%%%%%%%%%%%%%%%%%%%%%%%%%%%%%%%%

@incollection{abbott:containers-categories,
    author = {Abbott, Michael and 
              Altenkirch, Thorsten and 
              Ghani, Neil},
    journal = {Foundations of Software Science and Computation Structures},
    pages = {23--38},
    title = {Categories of Containers},
    year = {2003}
}

@incollection{abbott:containers-derivatives,
    author = {Abbott, Michael and 
              Altenkirch, Thorsten and 
              Ghani, Neil and 
              McBride, Conor},
    journal = {Typed Lambda Calculi and Applications},
    pages = {1086},
    title = {Derivatives of Containers},
    year = {2003}
}

@phdthesis{abbott:phd-thesis,
    author = {Abbott, Michael},
    school = {University of Leicester},
    title = {Categories of Containers},
    year =  {2003}
}

%%%%%%%%%%%%%%%%%%%%%%%%%%%%%%%%%%%%%%%%%%%%%%%%%%%%%%%%%%%%%%%%
%% 2004
%%%%%%%%%%%%%%%%%%%%%%%%%%%%%%%%%%%%%%%%%%%%%%%%%%%%%%%%%%%%%%%%

@article{abbott:containers-delta-derivative,
    author = {Abbott, Michael and 
              Altenkirch, Thorsten and 
              McBride, Conor and
              Ghani, Neil},
    journal = {Fundam. Inf.},
    number = {1-2},
    pages = {1--28},
    publisher = {IOS Press},
    title = {$\delta$ for Data: Differentiating Data Structures},
    volume = {65},
    year = {2004}
}

@incollection{abbott:containers-quotient-types,
    author = {Abbott, Michael and 
              Altenkirch, Thorsten and 
              Ghani, Neil and 
              McBride, Conor },
    journal = {Mathematics of Program Construction},
    pages = {2--15},
    title = {Constructing Polymorphic Programs with Quotient Types},
    year = {2004}
}

%%%%%%%%%%%%%%%%%%%%%%%%%%%%%%%%%%%%%%%%%%%%%%%%%%%%%%%%%%%%%%%%
%% 2005
%%%%%%%%%%%%%%%%%%%%%%%%%%%%%%%%%%%%%%%%%%%%%%%%%%%%%%%%%%%%%%%%

@article{abbott:containers-constructive-spt,
    author = {Abbott, Michael and 
              Altenkirch, Thorsten and 
              Ghani, Neil},
    journal = {Theoretical Computer Science},
    pages = {3--27},
    publisher = {Elsevier Science Publishers Ltd.},
    title = {Containers: Constructing strictly positive types},
    volume = {342},
    year = {2005}
}

%%%%%%%%%%%%%%%%%%%%%%%%%%%%%%%%%%%%%%%%%%%%%%%%%%%%%%%%%%%%%%%%
%% 2006
%%%%%%%%%%%%%%%%%%%%%%%%%%%%%%%%%%%%%%%%%%%%%%%%%%%%%%%%%%%%%%%%

@incollection{morris:containers-regular-tree,
    author = {Morris, Peter and 
              Altenkirch, Thorsten and 
              McBride, Conor},
    booktitle = {Types for Proofs and Programs },
    chapter = {16},
    journal = {Types for Proofs and Programs},
    pages = {252--267},
    series = {Lecture Notes in Computer Science},
    title = {Exploring the Regular Tree Types},
    year = {2006}
}

%%%%%%%%%%%%%%%%%%%%%%%%%%%%%%%%%%%%%%%%%%%%%%%%%%%%%%%%%%%%%%%%
%% 2007
%%%%%%%%%%%%%%%%%%%%%%%%%%%%%%%%%%%%%%%%%%%%%%%%%%%%%%%%%%%%%%%%

@incollection{althenkirch:containers-generic-prog,
    author = {Altenkirch, Thorsten and 
              McBride, Conor and 
              Morris, Peter},
    journal = {Datatype-Generic Programming},
    pages = {209--257},
    title = {Generic Programming with Dependent Types},
    year = {2007}
}

@inproceedings{morris:containers-spf-constructively,
    author = {Morris, Peter and 
              Altenkirch, Thorsten and 
              Ghani, Neil},
    booktitle = {CATS '07},
    pages = {111--121},
    publisher = {Australian Computer Society, Inc.},
    title = {Constructing strictly positive families},
    year = {2007}
}

@phdthesis{morris:containers-constructively,
    author = {Morris, Peter},
    school = {University of Nottingham},
    title = {Constructing Universes for Generic Programming},
    year = {2007}
}

%%%%%%%%%%%%%%%%%%%%%%%%%%%%%%%%%%%%%%%%%%%%%%%%%%%%%%%%%%%%%%%%
%% 2008
%%%%%%%%%%%%%%%%%%%%%%%%%%%%%%%%%%%%%%%%%%%%%%%%%%%%%%%%%%%%%%%%

@incollection{prince:containers-list-prop,
    author = {Prince, Rawle and 
              Ghani, Neil and 
              McBride, Conor},
    journal = {Functional and Logic Programming},
    pages = {97--112},
    title = {Proving Properties about Lists Using Containers},
    year = {2008}
}

%%%%%%%%%%%%%%%%%%%%%%%%%%%%%%%%%%%%%%%%%%%%%%%%%%%%%%%%%%%%%%%%
%% 2009
%%%%%%%%%%%%%%%%%%%%%%%%%%%%%%%%%%%%%%%%%%%%%%%%%%%%%%%%%%%%%%%%

@inproceedings{altenkirch:containers-indexed,
    author = {Altenkirch, Thorsten and 
              Morris, Peter},
    booktitle = {LICS'2009},
    pages = {277--285},
    publisher = {IEEE},
    title = {Indexed Containers},
    year = {2009}
}

@unpublished{altenkirch:containers-indexed-draft,
    author = {Altenkirch, Thorsten and 
              Ghani, Neil and
              Hancock, Peter and
              McBride, Conor and
              Morris, Peter },
    title = {Indexed Containers}
}

@article{morris:containers-spf,
    author = {Morris, Peter and 
              Altenkirch, Thorsten and 
              Ghani, Neil},
    journal = {International Journal of Foundations of Computer Science},
    number = {1},
    pages = {83--107},
    title = {A Universe of Strictly Positive Families},
    volume = {20},
    year = {2009}
}
