@InProceedings{alti:tlca93,
  author = 	"Thorsten Altenkirch",
  title = 	"A Formalization of the Strong Normalization Proof for
{System F} in {LEGO}",
  booktitle = 	"Typed Lambda Calculi and Applications",
  year = 	"1993",
  editor = 	"M. Bezem, J.F. Groote",
  series = 	"LNCS 664",  
  pages =       "13 - 28",
}
@PhdThesis{alti:phd93,
  author = 	 "Thorsten Altenkirch",
  title = 	 "Constructions, Inductive Types and Strong Normalization",
  school = 	 "University of Edinburgh",
  year = 	 "1993",
  month =	 "November",
}
@InProceedings{alti:types94,
  author = 	 "Thorsten Altenkirch",
  title = 	 "Proving Strong Normalization of {CC} by Modifying
		  Realizability Semantics",
  editor =	 "Henk Barendregt and Tobias Nipkow",
  series =	 "LNCS 806",
  pages =	 "3 - 18",
  booktitle =	 "Types for Proofs and Programs",
  year =	 "1994",
}
@Misc{alti:alf94,
  author = 	 "Thorsten Altenkirch and Veronica Gaspes and Bengt
		  {Nordstr\"om} and {Bj\"orn} von Sydow",
  title = 	 "A user's guide to {ALF}",
  year =	 "1994",
  month =	 "May",
  howpublished = "available on the WWW",
  note = 	 "{Department of Computing Science, 
		   University of G\"{o}teborg/Chalmers}",
  url =	"http://www.cs.nott.ac.uk/publ/alf94.pdf"
}
@InProceedings{alti:ctcs95,
  author =	 "Thorsten Altenkirch and Martin Hofmann and Thomas Streicher",
  title =	 "Categorical reconstruction of a reduction free
		  normalization proof",
  year =	 "1995",
  booktitle = 	 "Category Theory and Computer Science",
  editor =	 {David Pitt and David E. Rydeheard and Peter Johnstone},
  series =	 {LNCS 953},
  pages =	 {182-199},
}
@InProceedings{alti:lics96,
  author = 	 "Thorsten Altenkirch and Martin Hofmann and Thomas Streicher",
  title = 	 "Reduction-free normalisation for a polymorphic system",
  pages =	 "98-106",
  booktitle =	 "11th Annual IEEE Symposium on Logic in Computer
		  Science",
  year =	 "1996",
}
@Misc{alti:esslli96,
  author =	 "Thorsten Altenkirch",
  title =	 "Integrated Verification in {Type} {Theory}",
  howpublished = "Lecture notes for a course at ESSLLI 96, Prague",
  year =	 "1996",
}

@Unpublished{alti:f97,
  author = 	 {Thorsten Altenkirch and Martin Hofmann and Thomas Streicher},
  title = 	 {Reduction-free normalisation for system {$F$}},
  note = 	 {unpublished},
  year =	 {1997},
  www = 	 {http://www."cs.nott.ac.uk/publ/f97.pdf},
}

@InProceedings{alti:csl98,
  author = 	 {Thorsten Altenkirch},
  title = 	 {Logical relations and inductive/coinductive types},
  booktitle = 	 {Computer Science Logic},
  pages = 	 {343-354},
  year =	 {1998},
  series =	 {LNCS 1584}
}



@Proceedings{alti:types98,
  title = 	 {Types for Proofs and Programs (TYPES '98)},
  year = 	 {1999},
  editor =	 {Thorsten Altenkirch and Wolfgang Naraschewski and Bernhard Reus},
  volume =	 {1657},
  series =	 {Lecture Notes in Computer Science},
}

@InProceedings{alti:csl99,
  author = 	 {Thorsten Altenkirch and Bernhard Reus},
  title = 	 {Monadic presentations of lambda terms using generalized inductive types},
  booktitle = 	 {Computer Science Logic},
  year =	 {1999},
}



@InProceedings{alti:lics99,
  author = 	 {Thorsten Altenkirch},
  title = 	 {Extensional Equality in Intensional Type Theory},
  booktitle = 	 {14th Symposium on Logic in Computer Science},
  year =	 {1999},
}

@InProceedings{alti:types99,
  author = 	 {Andreas Abel and Thorsten Altenkirch},
  title = 	 {A Predicative Strong Normalisation Proof for a
                  $\lambda$-calculus with Interleaving Inductive Types},
  booktitle = 	 {{Types for Proof and Programs, International Workshop, TYPES '99, Selected Papers}},
  year =	 {2000},
  series =	 {Lecture Notes in Computer Science},
  volume =	 {1956}
}
@Unpublished{alti:klr00,
  author = 	 {Thorsten Altenkirch},
  title = 	 {Notes on definability and Kripke Logical Relations},
  note = 	 {available online},
  OPTkey = 	 {},
  OPTmonth = 	 {},
  year =	 {2000},
  www =          {http://www.cs.nott.ac.uk/~txa/publ/klr00.pdf},
  OPTannote = 	 {}
}

@InProceedings{alti:cmcs01,
  author =       {Jeremy Gibbons and Graham Hutton and Thorsten Altenkirch},
  title =        {When is a function a fold or an unfold? },
  booktitle =    {Proceedings of the 4th International Workshop on Coalgebraic Methods in Computer Science},
  year =         {2001},
  volume =       {44.1},
  series =       {Electronic Notes in Theoretical Computer Science},
}
@InProceedings{alti:tlca01a,
  author = 	 {Thorsten Altenkirch},
  title = 	 {Representations of first order function types as
  terminal coalgebras},
  booktitle = 	 {Typed Lambda Calculi and Applications, TLCA 2001},
  pages =	 {8 - 21},
  year =	 {2001},
  number = 	 {2044},
  series =	 {Lecture Notes in Computer Science}
}
@InProceedings{alti:tlca01b,
  author = 	 {Thorsten Altenkirch and Thierry Coquand},
  title = 	 {A Finitary Subsystem of the Polymorphic $\lambda$-calculus},
  booktitle = 	 {Typed Lambda Calculi and Applications, TLCA 2001},
  pages =	 {22 - 28},
  year =	 {2001},
  number =	 {2044},
  series =	 {Lecture Notes in Computer Science}
}
@InProceedings{alti:lics01,
  author =       "Thorsten Altenkirch and Peter Dybjer and Martin Hofmann and Phil Scott",
  title =        "Normalization by evaluation for typed lambda calculus with
coproducts",
  pages =        "303-310",
  booktitle =    "16th Annual IEEE Symposium on Logic in Computer
                  Science",
  year =         "2001"
}
@Article{alti:jfp02,
  author = 	 {Andreas Abel and Thorsten Altenkirch},
  title = 	 {A Predicative Analysis of Structural Recursion},
  journal = 	 {Journal for Functional Programming},
  year = 	 {2002},
}
@InProceedings{alti:wcgp02,
  author = 	 {Thorsten Altenkirch and Conor McBride},
  title = 	 {Generic Programming Within Dependently Typed Programming},
  booktitle = 	 {Generic Programming},
  year =	 {2003},
  note =	 {Proceedings of the IFIP TC2 Working Conference on Generic Programming, Schloss Dagstuhl, July 2002}
}
@InProceedings{alti:fossacs03,
  author = 	 {Michael Abbott and Thorsten Altenkirch and Neil Ghani },
  title = 	 {Categories of Containers},
  booktitle = 	 {Proceedings of Foundations of Software Science and Computation Structures},
  year =	 {2003}
}
@InProceedings{alti:tlca03,
  author = 	 {Michael Abbott and Thorsten Altenkirch and Neil Ghani 
                  and Conor McBride},
  title = 	 {Derivatives of Containers},
  booktitle = 	 {Typed Lambda Calculi and Applications, TLCA},
  year =	 {2003},
}
@InProceedings{alti:flops04,
  author = 	 {Thorsten Altenkirch and Tarmo Uustalu},
  title = 	 {Normalization by evaluation for $\lambda^{\to 2}$},
  booktitle = 	 {Functional and Logic Programming},
  year =	 {2004},
}

@InProceedings{alti:icalp04,
  author = 	 {Michael Abbott and Thorsten Altenkirch and Neil Ghani},
  title = 	 {Representing Nested Inductive Types using W-types},
  note = 	 {to appear},
  booktitle = 	 {International Colloquium on Automata, Languages and Programming},
  year =	 {2003}
}

@Unpublished{alti:partial-draft,
  author = 	 {Michael Abbott and Thorsten Altenkirch and Neil Ghani 
                  and Conor McBride},
  title = 	 {$\partial$ for Data},
  note = 	 {submitted for publication},
  month =	 {February},
  year =	 {2004},
}

@Unpublished{alti:mpc04,
  author = 	 {Michael Abbott and Thorsten Altenkirch and Neil Ghani 
                  and Conor McBride},
  title = 	 {Constructing Polymorphic Programs with Quotient Types},
  note = 	 {7th International Conference on Mathematics of Program Construction (MPC 2004) \emph{to appear} },
  month =	 {February},
  year =	 {2004},
}


@Unpublished{alti:mgs04,
  author = 	 {Thorsten Altenkirch},
  title = 	 {Lambda calculus and types},
  note = 	 {Lecture notes for MGS/APPSEM Spring School 2004, March 2004},
  month =	 {March},
  year =	 {2004},
}


@Unpublished{alti:prog94,
  author = 	 {Thorsten Altenkirch},
  title = 	 {Programming + Verification = Progification},
  note = 	 {available from 
{\tt http://www.cs.nott.ac.uk/\~txa/publ/progify94.pdf}},
  OPTkey = 	 {},
  OPTmonth = 	 {},
  year =	 {1994},
  www =          {http://www.cs.nott.ac.uk/~txa/publ/progify94.pdf},
  OPTannote = 	 {}
}
