@Misc{alti:wtypes-tcs-draft,
  author = 	 {Michael Abbott and Thorsten Altenkirch and Neil Ghani},
  title = 	 {Containers: Representing Strictly Positive Types},
  year = 	 {2004},
  note = 	 {Draft, invited for submission of the TCS special issue on APPSEM 04},
}

@Misc{epigramWebsite,
  author =	 {Conor McBride},
  title =	 {Epigram},
  year =	 2004,
  note =	 {\texttt{http://www.dur.ac.uk/CARG/epigram}}
}

@article{ConorJames:vfl,
   journal = {Journal of Functional Programming},
   number = {1},
   volume = {14},
   pages = {69--111},
   title = {The View From The Left},
   year = {2004},
   author = {Conor McBride and James McKinna}
}

@PhdThesis{conor-phd,
  author = 	 "Conor McBride",
  title = 	 "Dependently {T}yped {F}unctional {P}rograms and their {P}roofs",
  school = 	 "University of Edinburgh",
  year = 	 1999, 
  note   =       {Available from \texttt{http://www.lfcs.informatics.ed.ac.uk/reports/00/ECS-LFCS-00-419/}}
}

@inproceedings{coquand:infinite,
	AUTHOR = {Thierry Coquand},
	BOOKTITLE = {{ Types for Proofs and Programs}},
	PUBLISHER = {Springer-Verlag},
	SERIES = {LNCS},
	VOL = {806},
        PAGES = {62-78},
	TITLE	= {{Infinite Objects in Type Theory}}, 
	YEAR = {1994}
	}

@article{ aczel,
    author = "Peter Aczel",
    title = "On Relating Type Theories and Set Theories",
    journal = "Lecture Notes in Computer Science",
    volume = "1657",
    pages = "1--18",
    year = "1999",
    url = "citeseer.ist.psu.edu/aczel98relating.html" }

@article{ oostdijk,
    author = "Martijn Oostdijk and Herman Geuvers",
    title = "Proof by computation in the {Coq} system",
    journal = "Theoretical Computer Science",
    volume = "272",
    number = "1--2",
    pages = "293--314",
    year = "2002",
    url = "citeseer.ist.psu.edu/oostdijk00proof.html" }

@inproceedings{Boutin,
 author = {Samuel Boutin},
 title = {Using Reflection to Build Efficient and Certified Decision Procedures},
 booktitle = {Proceedings of the Third International Symposium on Theoretical Aspects of Computer Software},
 year = {1997},
 isbn = {3-540-63388-X},
 pages = {515--529},
 publisher = {Springer-Verlag},
 }

@INPROCEEDINGS{Delahaye,
  AUTHOR = {Delahaye, David and Mayero, Micaela},
  TITLE = {{\tt Field}: une procédure de décision pour les nombres réels
               en {{\sf Coq}}},
  BOOKTITLE = {Journées Francophones des Langages Applicatifs, Pontarlier},
  PUBLISHER = {INRIA},
  MONTH = {Janvier},
  YEAR = {2001},
  NOTE = {À paraître.\\{\sf ftp://ftp.inria.fr/INRIA/Projects/coq/David.Delahaye/}{\sf papers/JFLA2000-Field.ps.gz}}
}

@inproceedings{ Alvarado,
  author = "C. Alvarado and Q. Nguyen",
  title = "{ELAN} for equational reasoning in {Coq}",
  editor = "J. Despeyroux", 
  booktitle = "Proc. of 2nd Workshop on Logical Frameworks and Metalanguages.
    Institut National de Recherche en Informatique et en Automatique, ISBN 2-7261-1166-1",
  month = "June",
  year = "2000",
  url = "citeseer.ist.psu.edu/alvarado00elan.html" }

@inproceedings{ wadler,
    author = "P. L. Wadler",
    title = "Comprehending Monads",
    booktitle = "Proceedings of the 1990 {ACM} Conference on {LISP} and Functional Programming, Nice",
    publisher = "ACM",
    address = "New York, NY",
    pages = "61--78",
    year = "1990",
    url = "citeseer.ist.psu.edu/wadler92comprehending.html" }

@article{John,
    author = "John Hughes",
    title = "Generalising monads to arrows",
    journal = "Science of Computer Programming",
    volume = "37",
    number = "1--3",
    pages = "67--111",
    year = "2000",
    url = "citeseer.ist.psu.edu/hughes98generalising.html" }

@Book{Bird,
  author =       "Richard Bird",
  title =        "Algebra of Programming",
  publisher =    "Prentice Hall",
  year =         "1997",
  ISBN =         "0-13-507245-x"
}

@PhdThesis{Gordon,
  author =       "Andrew Gordon",
  school =       "University of Cambridge",
  title =        "Functional Programming and {I}nput/{O}utput",
  year =         "92",
  abstract-url = "http://www.cl.cam.ac.uk/users/adg/phd.html",
  month =        aug,
  scope =        "impmonads",
}


@inproceedings{HancockSetzer,
 author = {Peter Hancock and Anton Setzer},
 title = {Interactive Programs in Dependent Type Theory},
 booktitle = {Proceedings of the 14th Annual Conference of the EACSL on Computer Science Logic},
 year = {2000},
 isbn = {3-540-67895-6},
 pages = {317--331},
 publisher = {Springer-Verlag},
 }

@InProceedings{Pfenning:clfz03,
  author = "Kevin Watkins and Iliano Cervesato and Frank Pfenning and David Walker",
  title = "A Concurrent Logical Framework: the Propositional Fragment" ,
  booktitle = 	 {{Types for Proof and Programs, International Workshop, TYPES '03, Selected Papers}},
  year =	 {2004},
}

@PhdThesis{hofmann:phd,
  author = 	 "Martin Hofmann",
  title = 	 "Extensional concepts in intensional type theory",
  school = 	 "University of Edinburgh",
  year = 	 "1995",
}

@Misc{Streicher:Habil,
  author =	 "Thomas Streicher",
  title =	 "Investigations Into Intensional Type Theory",
  year =	 "1993",
  note =	 "Habilitationsschrift",
}

% Dybjer & Setzer 1999
@inproceedings{dybjer99finite,
    author = "Peter Dybjer and Anton Setzer",
    title = "A Finite Axiomatization of Inductive-Recursive Definitions",
    booktitle = "Typed Lambda Calculus and Applications",
    pages = "129-146",
    year = 1999
}

% Dybjer & Setzer 2001
@article{dybjer01indexed,
    author = "Peter Dybjer and Anton Setzer",
    title = "Indexed Induction-Recursion",
    journal = "Lecture Notes in Computer Science",
    volume = 2183,
    year = 2001
}