@inproceedings{morris:spf,
    author = {Morris, Peter and Altenkirch, Thorsten and Ghani, Neil},
    booktitle = {CATS '07},
    pages = {111--121},
    publisher = {Australian Computer Society, Inc.},
    title = {Constructing strictly positive families},
    year = {2007}
}
