@inproceedings{pollack:type-checking-universes,
    address = {Amsterdam, The Netherlands, The Netherlands},
    author = {Harper, Robert and Pollack, Robert},
    booktitle = {TAPSOFT '89: 2nd international joint conference on Theory and practice of software development},
    location = {Barcelona, Spain},
    pages = {107--136},
    posted-at = {2009-11-03 10:30:29},
    priority = {2},
    publisher = {Elsevier Science Publishers B. V.},
    title = {Type checking with universes},
    year = {1991}
}

@incollection{palmgren:universes-tt,
    author = {Palmgren, Erik},
    booktitle = {Twenty-Five Years of Constructive Type Theory},
    editor = {Sambin, G. and Smith, J. M.},
    month = {October},
    pages = {191--204},
    title = {On universes in type theory},
    year = {1995}
}

@book{luo:utt,
    author = {Luo, Zhaohui},
    month = {May},
    publisher = {Oxford University Press, USA},
    title = {Computation and Reasoning: A Type Theory for Computer Science (International Series of Monographs on Computer Science)},
    year = {1994}
}

@inproceedings{martin-lof:constructive-maths,
    author = {Martin-Lof, Per},
    booktitle = {Proc. of a discussion meeting of the Royal Society of London on Mathematical logic and programming languages},
    pages = {167--184},
    title = {Constructive mathematics and computer programming},
    year = {1985}
}

@article{martin-lof:itt-predicative,
    author = {Martin-Lof, Per},
    journal = {The Journal of Symbolic Logic},
    month = {March},
    number = {1},
    pages = {311+},
    title = {An Intuitionistic Theory of Types: Predicative Part.},
    volume = {49},
    year = {1984}
}