@inproceedings{mcbride:free_variable,
    author = {Mcbride, Conor and Mckinna, James},
    booktitle = {Haskell '04},
    pages = {1--9},
    publisher = {ACM},
    title = {Functional pearl: i am not a number--i am a free variable},
    year = {2004}
}
